
################################
# Reasons we need Smart Contracts	 		
################################

@article{nakamoto2008bitcoin,
  title={Bitcoin: A peer-to-peer electronic cash system},
  author={Nakamoto, Satoshi},
  year={2008}
}

@misc{ethereum,
  title={Ethereum Foundation. Ethereum’s white paper.} 
  year={2014},
  url={https://github.com/ethereum/wiki/wiki/White-Paper}
}

@misc{factombos,
  title={Use case for factom: The world’s first blockchain
operating system (bos).}, 
  year={2015},
  url={https://docs.factom.com/}
}

@misc{mythrilvuln,
  title={Mythril Detection Capabilities}, 
  year={2018},
  url={https://github.com/ConsenSys/mythril/wiki/Mythril-Detection-Capabilities}
}

@misc{scvuln,
  title={SmartCheck Detection Capabilities}, 
  year={2018},
  url={https://tool.smartdec.net/knowledge}
}


@inproceedings{miller2014permacoin,
  title={Permacoin: Repurposing bitcoin work for data preservation},
  author={Miller, Andrew and Juels, Ari and Shi, Elaine and Parno, Bryan and Katz, Jonathan},
  booktitle={Security and Privacy (SP), 2014 IEEE Symposium on},
  year={2014},
  organization={IEEE}
}

@book{tapscott2016blockchain,
  title={Blockchain revolution: how the technology behind bitcoin is changing money, business, and the world},
  author={Tapscott, Don and Tapscott, Alex},
  year={2016},
  publisher={Penguin}
}

@article{buterin2014next,
  title={A next-generation smart contract and decentralized application platform},
  author={Buterin, Vitalik and others},
  journal={white paper},
  year={2014}
}

@article{wood2014ethereum,
  title={Ethereum: A secure decentralised generalised transaction ledger},
  author={Wood, Gavin},
  journal={Ethereum Project Yellow Paper},
  volume={151},
  pages={1--32},
  year={2014}
}

################################
# 		Smart Contracts	 		
################################
@article{szabo1997idea,
  title={The idea of smart contracts},
  author={Szabo, Nick},
  journal={Nick Szabo’s Papers and Concise Tutorials},
  volume={6},
  year={1997}
}

@inproceedings{luu2016making,
  title={Making smart contracts smarter},
  author={Luu, Loi and Chu, Duc-Hiep and Olickel, Hrishi and Saxena, Prateek and Hobor, Aquinas},
  booktitle={Proceedings of the 2016 ACM SIGSAC Conference on Computer and Communications Security},
  pages={254--269},
  year={2016},
  organization={ACM},
  url={https://eprint.iacr.org/2016/633.pdf}
}

@inproceedings{bogner2016decentralised,
  title={A decentralised sharing app running a smart contract on the ethereum blockchain},
  author={Bogner, Andreas and Chanson, Mathieu and Meeuw, Arne},
  booktitle={Proceedings of the 6th International Conference on the Internet of Things},
  pages={177--178},
  year={2016},
  organization={ACM},
  url={https://dl.acm.org/citation.cfm?id=2998465}
}

@mastersthesis{dika2017ethereum,
  title={Ethereum Smart Contracts: Security Vulnerabilities and Security Tools},
  author={Dika, Ardit},
  year={2017},
  school={NTNU}
}

@phdthesis{maughellisecurity,
  title={Security-related experiences with Smart Contracts over the Ethereum Blockchain},
  author={Maughelli, Francesco},
  year=2017,
  url={http://amslaurea.unibo.it/id/eprint/13991}
}

@misc{rosa2017bitcoinscript,
  author={Davide De. Rosa},
  title={The Bitcoin Script language}
  year={2017},
  url={http://davidederosa.com/basic-blockchain-programming/bitcoin-script-language-part-one/}
}

@article{christidis2016blockchains,
  title={Blockchains and smart contracts for the internet of things},
  author={Christidis, Konstantinos and Devetsikiotis, Michael},
  journal={IEEE Access},
  volume={4},
  pages={2292--2303},
  year={2016},
  publisher={IEEE}
}

@inproceedings{sergey2017concurrent,
  title={A concurrent perspective on smart contracts},
  author={Sergey, Ilya and Hobor, Aquinas},
  booktitle={International Conference on Financial Cryptography and Data Security},
  pages={478--493},
  year={2017},
  organization={Springer},
  url={https://link.springer.com/content/pdf/10.1007%2F978-3-319-70278-0.pdf}
}

@article{seijas2016scripting,
  title={Scripting smart contracts for distributed ledger technology.},
  author={Seijas, Pablo Lamela and Thompson, Simon J and McAdams, Darryl},
  journal={IACR Cryptology ePrint Archive},
  volume={2016},
  pages={1156},
  year={2016}
}

@misc{
title={Smart Contracts: The Blockchain Technology That Will Replace Lawyers},
author={Ameer Rosic},
year={2016},
note={https://blockgeeks.com/guides/smart-contracts/},
}


################################
# 	   Types of Bugs	 		
################################
# Should probably find some papers on this

@article{daian2016dao,
  title={Analysis of the DAO exploit},
  author={Phil Daian},
  year={2016}
}

@article{atzei2017survey,
  title={A survey of attacks on Ethereum smart contracts (SoK)},
  author={Atzei, Nicola and Bartoletti, Massimo and Cimoli, Tiziana},
  booktitle={International Conference on Principles of Security and Trust},
  pages={164--186},
  year={2017},
  organization={Springer}
}

################################
# 	   Validating Suites	 		
################################

@misc{truffleframework,
  author       = {Consensys}, 
  title        = {Truffle: Your Ethereum Swiss Army Knife},
  year         = 2017,
  url         = {http://truffleframework.com/}
}

@misc{mythrilframework,
  author       = {Consensys}, 
  title        = {Mythril: Security analysis tool for Ethereum smart contracts},
  year         = 2017,
  url         = {https://github.com/ConsenSys/mythril}
}

@misc{smartcheck,
  author = {SmartCheck},
  title = {SmartCheck},
  url = {https://tool.smartdec.net/}
}

@misc {smartdec,
  author = {SmartDec},
  title = {SmartDec},
  url = {https://github.com/smartdec}
 }


################################
# 	   Analysis	
################################

@article{kochhar2017code,
  title={Code Coverage and Postrelease Defects: A Large-Scale Study on Open Source Projects},
  author={Kochhar, Pavneet Singh and Lo, David and Lawall, Julia and Nagappan, Nachiappan},
  journal={IEEE Transactions on Reliability},
  volume={66},
  number={4},
  pages={1213--1228},
  year={2017},
  publisher={IEEE}
}

@article{ntnutools,
  title={Ethereum Smart Contracts: Security Vulnerabilities and Security Tools},
  author={Ardit Dika},
  url={https://brage.bibsys.no/xmlui/bitstream/handle/11250/2479191/18400_FULLTEXT.pdf?sequence=1}
}

@article{mccabe1976complexity,
  title={A complexity measure},
  author={McCabe, Thomas J},
  journal={IEEE Transactions on software Engineering},
  number={4},
  pages={308--320},
  year={1976},
  publisher={IEEE}
}

@article{bartolettipompianuanalysis,
author = {Bartoletti, Massimo and Pompianu, Livio},
year = {2017},
month = {03},
pages = {},
title = {An Empirical Analysis of Smart Contracts: Platforms, Applications, and Design Patterns},
booktitle = {Lecture Notes in Computer Science}
}

@unknown{systematicstudy,
author = {Alharby, Maher and van Moorsel, Aad},
year = {2017},
month = {08},
pages = {125-140},
title = {Blockchain Based Smart Contracts : A Systematic Mapping Study}
}

@misc{minerone,
  title={MinerOne Analysis},
  author={SmartDec},
  year={2018}
  url={https://minerone.io/doc/SmartDec-MinerOne-Security-Audit.pdf}
}

################################
# 	   Related Work	
################################

@article{fontein2018comparison,
  title={Comparison of static analysis tooling for smart contracts on the EVM},
  author={Fontein, Rick},
  year={2018}
}

@misc{manticore,
  title={Manticore: Symbolic execution for humans}, 
  year={2017},
  url={https://blog.trailofbits.com/2017/04/27/manticore-symbolic-execution-for-humans/}
}

@techreport{everts2018will,
  title={Will that smart contract really do what you expect it to do?},
  author={Everts, Maarten and Muller, Frank},
  year={2018},
  institution={TNO}
}

@inproceedings{zhou2018security,
  title={Security Assurance for Smart Contract},
  author={Zhou, Ence and Hua, Song and Pi, Bingfeng and Sun, Jun and Nomura, Yashihide and Yamashita, Kazuhiro and Kurihara, Hidetoshi},
  booktitle={New Technologies, Mobility and Security (NTMS), 2018 9th IFIP International Conference on},
  pages={1--5},
  year={2018},
  organization={IEEE}
}

@article{king1976symbolic,
  title={Symbolic execution and program testing},
  author={King, James C},
  journal={Communications of the ACM},
  volume={19},
  number={7},
  pages={385--394},
  year={1976},
  publisher={ACM}
}

@inproceedings{sen2005cute,
  title={CUTE: a concolic unit testing engine for C},
  author={Sen, Koushik and Marinov, Darko and Agha, Gul},
  booktitle={ACM SIGSOFT Software Engineering Notes},
  volume={30},
  number={5},
  pages={263--272},
  year={2005},
  organization={ACM}
}

@misc{porosity,
  title={Porosity},
  author={https://github.com/comaeio/porosity}
}

@misc{smartcheck,
  title={SmartCheck automatically checks Smart Contracts for vulnerabilities and bad practices.}
  author={https://tool.smartdec.net/}
}
